@inproceedings{repo,
    title = {The Network Data Repository with Interactive Graph Analytics and Visualization},
    author={Ryan A. Rossi and Nesreen K. Ahmed},
    booktitle = {Proceedings of the Twenty-Ninth AAAI Conference on Artificial Intelligence},
    url={http://networkrepository.com},
    year={2015}
}

@article{Garcia-molina2004,
author = {Garcia-molina, Hector and Pedersen, Jan},
file = {:C$\backslash$:/Users/cryga/Documents/Universit{\`{a}}/Magistrale/Network science/TrustRank paper.PDF:PDF},
title = {{Combating Web Spam with TrustRank}},
year = {2004}
}
